@book{ansi2020,
author={Jeff Geerling},
title={Ansible for DevOps},
subtitle={Server and configuration management for humans},
year={2020},
url={https://leanpub.com/ansible-for-devops}
}

@book{knuth1992,
place={Stanford, Calif.},
title={Literate programming},
publisher={Center for the Study of Language and Information},
author={Knuth, Donald Ervin},
year={1992},
}

@online{fai2019,
author={Thomas Lange},
title={{FAI} Guide (Fully Automatic Installation)},
year={2019},
url={https://fai-project.org/fai-guide/},
}

@online{red2016,
author={Red Hat, Inc.},
title={How to generate a SHA-2 (sha256 or sha512) hashed password compatible with /etc/shadow },
year={2016},
url={https://access.redhat.com/solutions/221403},
language={English},
}

@online{red2020,
author={Red Hat, Inc.},
title={¿{Cómo} realizar una instalación de Kickstart?},
year={2020},
url={https://access.redhat.com/documentation/es-es/red_hat_enterprise_linux/7/html/installation_guide/chap-kickstart-installations#sect-kickstart-introduction},
language={Español},
version={7},
}

@online{davidamorg,
author={David Arroyo Menéndez},
title={Guía de Org Mode},
year={2015},
url={https://www.davidam.com/docu/orgguide.es.html},
language={Español},
}

@online{schulteorg,
author={Eric Schulte and Dan Davison},
title={Babel: active code in Org-mode},
url={https://orgmode.org/worg/org-contrib/babel/},
language={English},
}

@article{schulte2012,
  doi = {10.18637/jss.v046.i03},
  url = {https://doi.org/10.18637/jss.v046.i03},
  year = {2012},
  publisher = {Foundation for Open Access Statistic},
  volume = {46},
  number = {3},
  author = {Eric Schulte and Dan Davison and Thomas Dye and Carsten Dominik},
  title = {A Multi-Language Computing Environment for Literate Programming and Reproducible Research},
  journal = {Journal of Statistical Software}
}


@Online{grafanagit2020,
  author       = {Grafana},
  title           = {The tool for beautiful monitoring and metric analytics & dashboards for Graphite, InfluxDB & Prometheus & More },
  year         = {2020},
url             = {https://github.com/grafana/grafana},
}

@Online{netdatagit2020,
author       = {Netdata},
title           = {Real-time performance monitoring, done right!},
year         = {2020},
url             = {https://github.com/netdata/netdata},
}

@Online{netdatahub2020,
author       = {Netdata},
title           = {The official image of netdata},
year         = {2020},
url             = {https://hub.docker.com/r/netdata/netdata},
}

@Online{aepd2020,
author       = {AEPD},
title           = {Herramienta para tratamientos de escaso riesgo},
year         = {2020},
url             = {https://servicios.aepd.es},
}

@Online{gijonimpulsa2020,
  author       = {Gijon Impulsa},
  title           = {Cheque Inicio Actividad},
  year         = {2020},
  url             = {https://impulsa.gijon.es/page/2705-ayudas-a-la-creacion-cheque-inicio-actividad},
}

@Report{boelopd2018,
  author          = {Jefatura del Estado},
  title           = {Ley  Orgánica  3/2018,  de  5  de  diciembre,  de  Protección  de  Datos Personales y garantía de los derechos digitales.},
  institution     = {Jefatura del Estado},
  year         = {2018},
  month = {12},
  day = {6},
  url = {https://www.boe.es/buscar/pdf/2018/BOE-A-2018-16673-consolidado.pdf}
}

@Report{pae2016,
  author          = {Martin Schulz and Jeanine Hennis-Plasschaert},
  title           = {REGLAMENTO (UE) 2016/679 DEL PARLAMENTO EUROPEO Y DEL CONSEJO},
  institution     = {Parlamento Europeo y Consejo de la Union Europea},
  year         = {2016},
  month = {4},
  day = {27},
  url = {https://www.boe.es/doue/2016/119/L00001-00088.pdf}
}

@Report{pae1995,
  author          = {K. Haensch and L. Atienza Serna},
  title           = {Directiva 95/46/CE del Parlamento Europeo y del Consejo, de 24 de octubre de 1995, relativa a la protección de las personas físicas en lo que respecta al tratamiento de datos personales y a la libre circulación de estos datos},
  institution     = {Parlamento Europeo y Consejo de la Union Europea},
  year         = {1995},
  month = {10},
  day = {24},
  url = {https://eur-lex.europa.eu/legal-content/ES/TXT/HTML/?uri=CELEX:31995L0046&from=EN}
}

@Online{archde2020,
  author       = {Arch Linux},
  title           = {Desktop environment (Español)},
  year         = {2020},
  month           = {4},
  day             = {26},
  url             = {https://wiki.archlinux.org/index.php/Desktop_environment_(Español)},
}

@Report{boepantallas1997,
  author          = {Ministerio de Trabajo y Asuntos Sociales},
  title           = {Real Decreto 488/1997, de 14 de abril, sobre disposiciones mínimas de seguridad y salud relativas al trabajo con equipos que incluyen pantallas de visualización. },
  institution     = {Ministerio de Trabajo y Asuntos Sociales},
  year         = {1997},
  month = {05},
  day = {13},
  url = {https://www.boe.es/buscar/act.php?id=BOE-A-1997-8671&p=19970423&tn=1}
}
